@online{colin,
  author = {Walls, Colin},
  title = {Safety-Critical Systems: The basics},
  year = 2016,
  url = {https://www.embedded.com/safety-critical-systems-the-basics/},
  urldate = {2019-09-30}
}

@inproceedings{manifesto,
    author = "Jörg Kreiker and Andrzej Tarlecki and Moshe Y. Vardi and Reinhard Wilhelm",
    title = "Modeling, Analysis, and Verification – The Formal Manifesto 2010",
    pages = "21--41",
    year = "2010",
}

@book{model,
    author = "Edmund M. Clarke Jr. and Orna Grumberg and Doron Peleg",
    title = "Model Checking",
    year = "1999"
}
